@misc{predictFoursquare,
author = {},
title = {Right on Target: Foursquare Accurately Predicts iPhone Sales — Foursquare Direct — Medium},
howpublished = {\url{https://medium.com/foursquare-direct/right-on-target-foursquare-accurately-predicts-iphone-sales-4140c450a396#.e31xuoj4e}},
month = {},
year = {},
note = {(Accessed on 04/23/2016)}
}

@inproceedings{mapReduce2004,
 author = {Dean, Jeffrey and Ghemawat, Sanjay},
 title = {MapReduce: Simplified Data Processing on Large Clusters},
 booktitle = {Proceedings of the 6th Conference on Symposium on Opearting Systems Design \& Implementation - Volume 6},
 series = {OSDI'04},
 year = {2004},
 location = {San Francisco, CA},
 pages = {10--10},
 numpages = {1},
 url = {http://dl.acm.org/citation.cfm?id=1251254.1251264},
 acmid = {1251264},
 publisher = {USENIX Association},
 address = {Berkeley, CA, USA},
} 

@MISC{HistoryOfBigData,
    author = {Francis Diebold And and Francis X. Diebold and F. X. Diebold},
    title = {Big Data" Dynamic Factor Models for Macroeconomic Measurement and Forecasting},
    year = {}
}

@book{fundamentalsPensum,
 author = {Elmasri, Ramez A. and Navathe, Shankrant B.},
 editor = {Shanklin, Carter},
 title = {Fundamentals of Database Systems},
 year = {1999},
 isbn = {0805317554},
 edition = {3rd},
 publisher = {Addison-Wesley Longman Publishing Co., Inc.},
 address = {Boston, MA, USA},
} 

@misc{mackey2010efficient,
    author = {Mackey},
    title = {Efficient Nearest Neighbor Searches in N-ABLE},
    year = {2010}
}
